<record xmlns="http://www.loc.gov/MARC21/slim">
   <leader>02601cam a2200457 i 4500</leader>
   <controlfield tag="001">6859074</controlfield>
   <controlfield tag="003">OCoLC</controlfield>
   <controlfield tag="005">20150326162047.0</controlfield>
   <controlfield tag="008">140730t20152015miu    j b    001 0 eng  </controlfield>
   <datafield ind1=" " ind2=" " tag="010">
      <subfield code="a">  2014030228</subfield>
   </datafield>
   <datafield ind1=" " ind2=" " tag="020">
      <subfield code="a">9780737772036 (hardcover)</subfield>
   </datafield>
   <datafield ind1=" " ind2=" " tag="020">
      <subfield code="a">0737772034 (hardcover)</subfield>
   </datafield>
   <datafield ind1=" " ind2=" " tag="020">
      <subfield code="a">9780737772043 (pbk.)</subfield>
   </datafield>
   <datafield ind1=" " ind2=" " tag="020">
      <subfield code="a">0737772042 (pbk.)</subfield>
   </datafield>
   <datafield ind1=" " ind2=" " tag="035">
      <subfield code="a">ocn885092697</subfield>
   </datafield>
   <datafield ind1=" " ind2=" " tag="039">
      <subfield code="a">exclude</subfield>
   </datafield>
   <datafield ind1=" " ind2=" " tag="040">
      <subfield code="a">DLC</subfield>
      <subfield code="b">eng</subfield>
      <subfield code="e">rda</subfield>
      <subfield code="c">DLC</subfield>
      <subfield code="d">OCLCO</subfield>
      <subfield code="d">YDXCP</subfield>
      <subfield code="d">BTCTA</subfield>
      <subfield code="d">BDX</subfield>
      <subfield code="d">IBI</subfield>
      <subfield code="d">OJ4</subfield>
      <subfield code="d">AEU</subfield>
   </datafield>
   <datafield ind1=" " ind2=" " tag="042">
      <subfield code="a">pcc</subfield>
   </datafield>
   <datafield ind1="0" ind2="0" tag="050">
      <subfield code="a">TK1541</subfield>
      <subfield code="b">.W5555 2015</subfield>
   </datafield>
   <datafield ind1="0" ind2="0" tag="082">
      <subfield code="a">333.9/2</subfield>
      <subfield code="2">23</subfield>
   </datafield>
   <datafield ind1=" " ind2=" " tag="090">
      <subfield code="a">333.92 FRA WIN</subfield>
      <subfield code="b">ACHCU</subfield>
   </datafield>
   <datafield ind1=" " ind2=" " tag="090">
      <subfield code="a">TK1541 .W5555 2015</subfield>
      <subfield code="b">AEGMCT</subfield>
   </datafield>
   <datafield ind1="0" ind2="0" tag="245">
      <subfield code="a">Wind farms /</subfield>
      <subfield code="c">Amy Francis, book editor.</subfield>
   </datafield>
   <datafield ind1=" " ind2="1" tag="264">
      <subfield code="a">Farmington Hills, Mich :</subfield>
      <subfield code="b">Greenhaven Press, a part of Gale, Cengage Learning,</subfield>
      <subfield code="c">[2015]</subfield>
   </datafield>
   <datafield ind1=" " ind2="4" tag="264">
      <subfield code="c">©2015</subfield>
   </datafield>
   <datafield ind1=" " ind2=" " tag="300">
      <subfield code="a">96 pages ;</subfield>
      <subfield code="c">23 cm</subfield>
   </datafield>
   <datafield ind1=" " ind2=" " tag="336">
      <subfield code="a">text</subfield>
      <subfield code="b">txt</subfield>
      <subfield code="2">rdacontent</subfield>
   </datafield>
   <datafield ind1=" " ind2=" " tag="337">
      <subfield code="a">unmediated</subfield>
      <subfield code="b">n</subfield>
      <subfield code="2">rdamedia</subfield>
   </datafield>
   <datafield ind1=" " ind2=" " tag="338">
      <subfield code="a">volume</subfield>
      <subfield code="b">nc</subfield>
      <subfield code="2">rdacarrier</subfield>
   </datafield>
   <datafield ind1="1" ind2=" " tag="490">
      <subfield code="a">At issue. Environment</subfield>
   </datafield>
   <datafield ind1=" " ind2=" " tag="504">
      <subfield code="a">Includes bibliographical references (pages 87-91) and index.</subfield>
   </datafield>
   <datafield ind1="0" ind2=" " tag="505">
      <subfield code="a">America should continue to invest in wind energy / Jordan Schneider, Tony Dutzik, and Rob Sargent -- Wind farms should not receive government funding / Mike Bond -- The government should end wind subsidies and encourage innovation / Geoffrey Styles -- Wind energy cuts carbon emissions / Chris Goodall and Mark Lynas -- Wind farms will create more carbon dioxide, say scientists / Andrew Gilligan -- Wind energy is reliable / Mark Shwartz -- Wind energy is not reliable / Alex Fitzsimmons -- Wind energy is economical / Michael Goggin -- Wind turbines are wiping out bird populations / Robert Johns -- Wind energy should not be exempt from the Endangered Species Act / Paul Dreissen -- Outer Banks Offshore Wind Farm gets blowback / Scott Harper -- Offshore wind farms could attract tourists / Christina Albrecht, Andreas Wagner, and Kerstin Wesselmann -- The future of wind energy is uncertain / Dave Levitan.</subfield>
   </datafield>
   <datafield ind1=" " ind2=" " tag="596">
      <subfield code="a">23 55</subfield>
   </datafield>
   <datafield ind1=" " ind2="0" tag="650">
      <subfield code="a">Wind power plants</subfield>
      <subfield code="v">Juvenile literature.</subfield>
   </datafield>
   <datafield ind1=" " ind2="0" tag="650">
      <subfield code="a">Wind power plants</subfield>
      <subfield code="x">Environmental aspects</subfield>
      <subfield code="v">Juvenile literature.</subfield>
   </datafield>
   <datafield ind1=" " ind2="0" tag="650">
      <subfield code="a">Wind power plants</subfield>
      <subfield code="x">Government policy</subfield>
      <subfield code="v">Juvenile literature.</subfield>
   </datafield>
   <datafield ind1="1" ind2=" " tag="700">
      <subfield code="a">Francis, Amy.</subfield>
   </datafield>
   <datafield ind1=" " ind2="0" tag="830">
      <subfield code="a">At issue.</subfield>
      <subfield code="p">Environment.</subfield>
   </datafield>
   <datafield ind1=" " ind2=" " tag="949">
      <subfield code="a">TK1541 .W5555 2015</subfield>
      <subfield code="h">GMAC-OS-B</subfield>
      <subfield code="i">1007408618</subfield>
      <subfield code="p">45.48</subfield>
      <subfield code="k">AVAIL_SOON</subfield>
   </datafield>
   <datafield ind1=" " ind2=" " tag="926">
      <subfield code="a">TK1541 .W5555 2015</subfield>
      <subfield code="w">LC</subfield>
      <subfield code="c">1</subfield>
      <subfield code="i">1007408618</subfield>
      <subfield code="d">4/23/2015</subfield>
      <subfield code="l">ON_SHELF</subfield>
      <subfield code="m">GR_MAC_ACC</subfield>
      <subfield code="p">$45.48</subfield>
      <subfield code="q">1</subfield>
      <subfield code="r">Y</subfield>
      <subfield code="s">Y</subfield>
      <subfield code="t">BOOK</subfield>
      <subfield code="u">3/31/2015</subfield>
   </datafield>
   <datafield ind1=" " ind2=" " tag="926">
      <subfield code="a">333.92 FRA WIN</subfield>
      <subfield code="w">DEWEY</subfield>
      <subfield code="c">1</subfield>
      <subfield code="i">32860001091619</subfield>
      <subfield code="l">CURRICULUM</subfield>
      <subfield code="m">BURMAN</subfield>
      <subfield code="r">Y</subfield>
      <subfield code="s">Y</subfield>
      <subfield code="t">LOCAL_LOAN</subfield>
      <subfield code="u">12/9/2015</subfield>
   </datafield>
</record>
